@article{breinholt2017,
    author = {Breinholt, Jesse W. and Earl, Chandra and Lemmon, Alan R. and Lemmon, Emily Moriarty and Xiao, Lei and Kawahara, Akito Y.},
    title = "{Resolving Relationships among the Megadiverse Butterflies and Moths with a Novel Pipeline for Anchored Phylogenomics}",
    journal = {Systematic Biology},
    volume = {67},
    number = {1},
    pages = {78-93},
    year = {2017},
    month = {05},
    issn = {1063-5157},
    doi = {10.1093/sysbio/syx048},
    url = {https://doi.org/10.1093/sysbio/syx048},
    eprint = {https://academic.oup.com/sysbio/article-pdf/67/1/78/22711270/syx048.pdf},
}

@article{faircloth2017,
  title={Identifying conserved genomic elements and designing universal bait sets to enrich them},
  author={Faircloth, Brant C},
  journal={Methods in Ecology and Evolution},
  volume={8},
  number={9},
  pages={1103--1112},
  year={2017},
  publisher={Wiley Online Library}
}

@article{roure2012,
    author = {Roure, Béatrice and Baurain, Denis and Philippe, Hervé},
    title = {Impact of Missing Data on Phylogenies Inferred from Empirical Phylogenomic Data Sets},
    journal = {Molecular Biology and Evolution},
    volume = {30},
    number = {1},
    pages = {197-214},
    year = {2012},
    month = {08},
    doi = {10.1093/molbev/mss208},
    url = {https://doi.org/10.1093/molbev/mss208},
    eprint = {https://academic.oup.com/mbe/article-pdf/30/1/197/13175905/mss208.pdf},
}

@article{streicher2015,
    author = {Streicher, Jeffrey W. and Schulte, James A., II and Wiens, John J.},
    title = "{How Should Genes and Taxa be Sampled for Phylogenomic Analyses with Missing Data? An Empirical Study in Iguanian Lizards}",
    journal = {Systematic Biology},
    volume = {65},
    number = {1},
    pages = {128-145},
    year = {2015},
    month = {09},
    doi = {10.1093/sysbio/syv058},
    url = {https://doi.org/10.1093/sysbio/syv058},
    eprint = {https://academic.oup.com/sysbio/article-pdf/65/1/128/24588864/syv058.pdf},
}

@article{galtier1996,
  title={SEAVIEW and PHYLO\_WIN: two graphic tools for sequence alignment and molecular phylogeny},
  author={Galtier, Nicolas and Gouy, Manolo and Gautier, Christian},
  journal={Bioinformatics},
  volume={12},
  number={6},
  pages={543--548},
  year={1996},
  publisher={Oxford University Press}
}

@article{arnason2018,
  title={Whole-genome sequencing of the blue whale and other rorquals finds signatures for introgressive gene flow},
  author={{\'A}rnason, {\'U}lfur and Lammers, Fritjof and Kumar, Vikas and Nilsson, Maria A and Janke, Axel},
  journal={Science advances},
  volume={4},
  number={4},
  pages={eaap9873},
  year={2018},
  publisher={American Association for the Advancement of Science}
}

@article{capella2009,
  title={trimAl: a tool for automated alignment trimming in large-scale phylogenetic analyses},
  author={Capella-Guti{\'e}rrez, Salvador and Silla-Mart{\'\i}nez, Jos{\'e} M and Gabald{\'o}n, Toni},
  journal={Bioinformatics},
  volume={25},
  number={15},
  pages={1972--1973},
  year={2009},
  publisher={Oxford University Press}
}
